%% This BibTeX bibliography file was created using BibDesk.
%% http://bibdesk.sourceforge.net/


%% Created for Rosy Tucker at 2013-10-24 13:14:58 +0100 


%% Saved with string encoding Unicode (UTF-8) 

@inproceedings{risks,
	Author = {Xiaosong, Li and Shushi, Liu and Wenjun, Cai and Songjiang, Feng},
	Booktitle = {Information Technology and Applications, 2009. IFITA'09. International Forum on},
	Date-Added = {2014-03-16 21:13:26 +0000},
	Date-Modified = {2014-03-16 21:13:30 +0000},
	Organization = {IEEE},
	Pages = {480--483},
	Title = {The application of risk matrix to software project risk management},
	Volume = {2},
	Year = {2009}}