%% This BibTeX bibliography file was created using BibDesk.
%% http://bibdesk.sourceforge.net/


%% Created for Rosy Tucker at 2013-10-24 13:14:58 +0100 


%% Saved with string encoding Unicode (UTF-8) 



@book{hazzan2008agile,
	Author = {Hazzan, Orit and Dubinsky, Yael},
	Date-Added = {2013-10-24 12:14:21 +0000},
	Date-Modified = {2013-10-24 12:14:21 +0000},
	Publisher = {Springer},
	Title = {Agile software engineering},
	Year = {2008}}

@book{kent1966strategic,
	Address = {Princeton, N.J},
	Author = {Kent, Sherman},
	Date-Added = {2013-10-24 12:14:02 +0000},
	Date-Modified = {2013-10-24 12:14:02 +0000},
	Isbn = {9780691021607},
	Publisher = {Princeton University Press},
	Title = {Strategic intelligence for American world policy},
	Year = {1966}}

@online{usgs,
	Author = {USGS},
	Title = {Earthquake Hazards Program API},
	Year = 2013,
	Url = {http://earthquake.usgs.gov/earthquakes/feed/v1.0/},
	Urldate = {2014-02-08}
}

@article{stoneburner2002risk,
  	title={Risk management guide for information technology systems},
 	author={Stoneburner, Gary and Goguen, Alice and Feringa, Alexis},
  	journal={Nist special publication},
  	volume={800},
  	number={30},
  	pages={800--30},
  	year={2002}
}

@article{boehm1991software,
  	title={Software risk management: principles and practices},
  	author={Boehm, Barry W},
  	journal={Software, IEEE},
  	volume={8},
  	number={1},
  	pages={32--41},
  	year={1991},
  	publisher={IEEE}
}

@article{jones1998minimizing,
  	title={Minimizing the risks of software development},
  	author={Jones, C},
  	journal={Cutter IT Journal},
  	volume={11},
  	pages={13--21},
  	year={1998},
  	publisher={CUTTER INFORMATION CORP.}
}

@book{hof1999,
 author = {Hofmeister, Christine and Nord, Robert and Soni, Dilip},
 title = {Applied Software Architecture},
 year = {2000},
 isbn = {0-201-32571-3},
 publisher = {Addison-Wesley Longman Publishing Co., Inc.},
 address = {Boston, MA, USA},
} 
