%% This BibTeX bibliography file was created using BibDesk.
%% http://bibdesk.sourceforge.net/


%% Created for Rosy Tucker at 2013-10-24 13:14:58 +0100 


%% Saved with string encoding Unicode (UTF-8) 



@book{hazzan2008agile,
	Author = {Hazzan, Orit and Dubinsky, Yael},
	Date-Added = {2013-10-24 12:14:21 +0000},
	Date-Modified = {2013-10-24 12:14:21 +0000},
	Publisher = {Springer},
	Title = {Agile software engineering},
	Year = {2008}}

@book{kent1966strategic,
	Address = {Princeton, N.J},
	Author = {Kent, Sherman},
	Date-Added = {2013-10-24 12:14:02 +0000},
	Date-Modified = {2013-10-24 12:14:02 +0000},
	Isbn = {9780691021607},
	Publisher = {Princeton University Press},
	Title = {Strategic intelligence for American world policy},
	Year = {1966}}
